%%ObjectRank
@inproceedings{okumura,
 yomi = {Ayami Okumura and Toshiyuki Amagasa and Hiroyuki Kitagawa},
 author = {奥村 彩水 and 天笠 俊之 and 北川 博之},
 title = {リンク構造解析を用いたLinked Open Dataに対するキーワード検索},
 booktitle = {DEIM Forum},
 year = {2016}
}

%%PageRank
@inproceedings{Ichinose2013RankingTR,
  title={Ranking the Results of DBpedia Retrieval with SPARQL Query},
  author={Shiori Ichinose and Ichiro Kobayashi and Michiaki Iwazume and Kouji Tanaka},
  booktitle={JIST},
  year={2013}
}

%%Grouper
@article{Zamir1999GrouperAD,
  title={Grouper: A Dynamic Clustering Interface to Web Search Results},
  author={Oren Zamir and Oren Etzioni},
  journal={Computer Networks},
  year={1999},
  volume={31},
  pages={1361-1374}
}

%%Survey for Faceted Exploration
@article{Tzitzikas:2017:FER:3065715.3065736,
 author = {Tzitzikas, Yannis and Manolis, Nikos and Papadakos, Panagiotis},
 title = {Faceted Exploration of RDF/S Datasets: A Survey},
 journal = {J. Intell. Inf. Syst.},
 issue_date = {April     2017},
 volume = {48},
 number = {2},
 month = apr,
 year = {2017},
 issn = {0925-9902},
 pages = {329--364},
 numpages = {36},
 url = {https://doi.org/10.1007/s10844-016-0413-8},
 doi = {10.1007/s10844-016-0413-8},
 acmid = {3065736},
 publisher = {Kluwer Academic Publishers},
 address = {Hingham, MA, USA},
 keywords = {Exploratory search, Faceted search, RDF, RDF schema, Semantic web},
}

%%SemFacet
@inproceedings{Arenas:2014:SSF:2567948.2577011,
 author = {Arenas, Marcelo and Cuenca Grau, Bernardo and Kharlamov, Evgeny and Marciuska, Sarunas and Zheleznyakov, Dmitriy and Jimenez-Ruiz, Ernesto},
 title = {SemFacet: Semantic Faceted Search over Yago},
 booktitle = {Proceedings of the 23rd International Conference on World Wide Web},
 series = {WWW '14 Companion},
 year = {2014},
 isbn = {978-1-4503-2745-9},
 location = {Seoul, Korea},
 pages = {123--126},
 numpages = {4},
 url = {http://doi.acm.org/10.1145/2567948.2577011},
 doi = {10.1145/2567948.2577011},
 acmid = {2577011},
 publisher = {ACM},
 address = {New York, NY, USA},
 keywords = {OWL 2, RDF, Yago, faceted navigation, faceted search, lucene, ontology, query interface, semantic web},
}

@inproceedings{Papadakos2014HippalusPF,
  title={Hippalus: Preference-enriched Faceted Exploration},
  author={Panagiotis Papadakos and Yannis Tzitzikas},
  booktitle={EDBT/ICDT Workshops},
  year={2014}
}

@inproceedings{Bast:2014:EAF:2567948.2577016,
 author = {Bast, Hannah and B\"{a}urle, Florian and Buchhold, Bj\"{o}rn and Hau\ss{mann}, Elmar},
 title = {Easy Access to the Freebase Dataset},
 booktitle = {Proceedings of the 23rd International Conference on World Wide Web},
 series = {WWW '14 Companion},
 year = {2014},
 isbn = {978-1-4503-2745-9},
 location = {Seoul, Korea},
 pages = {95--98},
 numpages = {4},
 url = {http://doi.acm.org/10.1145/2567948.2577016},
 doi = {10.1145/2567948.2577016},
 acmid = {2577016},
 publisher = {ACM},
 address = {New York, NY, USA},
 keywords = {freebase, knowledge base, ontology},
}

@inproceedings{Brunk2011tFacetHF,
  title={tFacet: Hierarchical Faceted Exploration of Semantic Data Using Well-Known Interaction Concepts},
  author={S{\"o}ren Brunk and Philipp Heim},
  booktitle={DCI@INTERACT},
  year={2011}
}

@InProceedings{10.1007/978-3-030-00671-6_18,
author="Moreno-Vega, Jos{\'e}
and Hogan, Aidan",
editor="Vrande{\v{c}}i{\'{c}}, Denny
and Bontcheva, Kalina
and Su{\'a}rez-Figueroa, Mari Carmen
and Presutti, Valentina
and Celino, Irene
and Sabou, Marta
and Kaffee, Lucie-Aim{\'e}e
and Simperl, Elena",
title="GraFa: Scalable Faceted Browsing for RDF Graphs",
booktitle="The Semantic Web -- ISWC 2018",
year="2018",
publisher="Springer International Publishing",
address="Cham",
pages="301--317",
abstract="Faceted browsing has become a popular paradigm for user interfaces on the Web and has also been investigated in the context of RDF graphs. However, current faceted browsers for RDF graphs encounter performance issues when faced with two challenges: scale, where large datasets generate many results, and heterogeneity, where large numbers of properties and classes generate many facets. To address these challenges, we propose GraFa: a faceted browsing system for heterogeneous large-scale RDF graphs based on a materialisation strategy that performs an offline analysis of the input graph in order to identify a subset of the exponential number of possible facet combinations that are candidates for indexing. In experiments over Wikidata, we demonstrate that materialisation allows for displaying (exact) faceted views over millions of diverse results in under a second while keeping index sizes relatively small. We also present initial usability studies over GraFa.",
isbn="978-3-030-00671-6"
}